<?xml version="1.0" encoding="UTF-8"?><collection xmlns="http://www.loc.gov/MARC21/slim"><record><leader>00673nam--2200181-i-4500</leader><controlfield tag="001">000024298</controlfield><controlfield tag="002">20161230</controlfield><controlfield tag="005">20161230201035</controlfield><controlfield tag="008">060222s1000------------r-----000-0-eng-d</controlfield><datafield ind1=" " ind2=" " tag="040"><subfield code="a">IFIN-HH</subfield></datafield><datafield ind1=" " ind2=" " tag="080"><subfield code="a">539.23</subfield></datafield><datafield ind1="1" ind2=" " tag="100"><subfield code="a">Niedermayer, R</subfield></datafield><datafield ind1="1" ind2="0" tag="245"><subfield code="a">Grundprobleme der physik dunner schichten. basic problems in thin film physics. problemes fondamentaux dans la physique des couches minces</subfield><subfield code="b">Proceedings of the symposium, held at clausthal-gotingen, 6-11 september 1965</subfield><subfield code="c">R. niedermayer, h. mayer (eds.)</subfield></datafield><datafield ind1="1" ind2="0" tag="260"><subfield code="a">Gottingen</subfield><subfield code="b">Vandenhoeck &amp; Ruprecht</subfield><subfield code="c">1966</subfield></datafield><datafield ind1=" " ind2=" " tag="300"><subfield code="a">VIII+756P</subfield></datafield><datafield ind1="1" ind2=" " tag="700"><subfield code="a">Mayer, H</subfield><subfield code="e">Ed</subfield></datafield><datafield ind1=" " ind2=" " tag="852"><subfield code="a">25029</subfield><subfield code="c">539.23</subfield></datafield><datafield ind1=" " ind2=" " tag="CAT"><subfield code="a">Sys</subfield><subfield code="c">20121214</subfield><subfield code="h">123008</subfield></datafield></record></collection>